@book{isakowitz1999international,
  title={International reference guide to space launch systems},
  author={Isakowitz, Steven J and Hopkins, Joseph P and Hopkins, Joshua B},
  year={1999},
  publisher={AIAA}
}
@techreport{ferris1967static,
  title={Static stability investigation of a single-stage sounding rocket at Mach numbers from 0.60 to 1.20},
  author={Ferris, JC},
  year={1967}
}
@techreport{babb1967static,
  title={Static stability investigation of a sounding-rocket vehicle at Mach numbers from 1.50 to 4.63},
  author={Babb, CD and Fuller, DE},
  year={1967}
}
@techreport{simon1971george,
  title={The George C. Marshall Space Flight Center's 14 by 14 Inch Trisonic Wind Tunnel Technical Handbook},
  author={Simon, Erwin},
  year={1971}
}
@inproceedings{springer1999uncertainty,
  title={Uncertainty analysis of the NASA MSFC 14-inch trisonic wind tunnel},
  author={Springer, Anthony},
  booktitle={37th Aerospace Sciences Meeting and Exhibit},
  pages={684},
  year={1999}
}
@inproceedings{kiris2011best,
  title={Best practices for aero-database CFD simulations of ares V ascent},
  author={Kiris, Cetin and Housman, Jeffrey and Gusman, Marshall and Schauerhamer, Daniel and Deere, Karen and Elmiligui, Alaa and Abdol-Hamid, Khaled and Parlette, Edward and Andrews, Mark and Blevins, John},
  booktitle={49th AIAA Aerospace Sciences Meeting Including the New Horizons Forum and Aerospace Exposition},
  pages={16},
  year={2011}
}
@inproceedings{gusman2011best,
  title={Best Practices for CFD simulations of launch vehicle ascent with plumes-overflow perspective},
  author={Gusman, Marshall and Housman, Jeffrey and Kiris, Cetin},
  booktitle={49th AIAA aerospace sciences meeting including the new horizons forum and aerospace exposition},
  pages={1054},
  year={2011}
}
@techreport{ramsey1975results,
  title={Results of an investigation of the 0.003-scale space shuttle external tank MSFC model 460 in the NASA/MSFC 14 x 14-inch Trisonic Wind Tunnel to determine static pressure distributions during reentry (TA2F), volume 5},
  author={Ramsey, PE and Winkler, GW},
  year={1975}
}
@inproceedings{caretto1973two,
  title={Two calculation procedures for steady, three-dimensional flows with recirculation},
  author={Caretto, LS and Gosman, AD and Patankar, SV and Spalding, DB},
  booktitle={Proceedings of the Third International Conference on Numerical Methods in Fluid Mechanics: Vol. II Problems of Fluid Mechanics},
  pages={60--68},
  year={1973},
  organization={Springer}
}
@article{issa1986solution,
  title={Solution of the implicitly discretised fluid flow equations by operator-splitting},
  author={Issa, Raad I},
  journal={Journal of computational physics},
  volume={62},
  number={1},
  pages={40--65},
  year={1986},
  publisher={Elsevier}
}
@techreport{ramsey1974static,
  title={Static stability characteristics of the space shuttle external tank (MSFC model 458) during reentry in the MSFC 14-inch TWT (TA1F)},
  author={Ramsey, PE and Robertson, MK and Winkler, GW},
  year={1974}
}
@article{springer1994aerodynamic,
  title={Aerodynamic Characteristics ofthe National Launch System (NLS) 1V2Stage Launch Vehicle},
  author={Springer, AM and Pokora, DC},
  year={1994}
}
@techreport{chee1975results,
  title={Results of a Pressure Loads Investigation on a 0.030-scale Model (47-OTS) of the Integrated Space Shuttle Vehicle Configuration 5 in the NASA Ames Research Center 11 x 11 Foot Leg of the Unitary Plan Wind Tunnel (IA81A), Volume 7},
  author={Chee, E},
  year={1975}
}
@book{pokora1994shadowgraph,
  title={A Shadowgraph Study of the National Launch System's 1 1/2 Stage Vehicle Configuration and Heavy Lift Launch Vehicle Configuration},
  author={Pokora, Darlene C},
  volume={1347},
  year={1994},
  publisher={National Aeronautics and Space Administration, Marshall Space Flight Center}
}
@inproceedings{rogers2015cfd,
  title={CFD simulations of the space launch system ascent aerodynamics and booster separation},
  author={Rogers, Stuart E and Dalle, Derek J and Chan, William M},
  booktitle={53rd AIAA Aerospace Sciences Meeting},
  pages={0778},
  year={2015}
}
@inproceedings{viviani2018launcher,
  title={Launcher aerodynamic analysis with plume effects},
  author={Viviani, Antonio and Pezzella, Giuseppe and others},
  booktitle={31st Congress of the International Council of Aeronautical Sciences. ICAS-2018. Belo Horizonte in Brazil},
  year={2018}
}

@misc{Valverde2023a,
  author = {Felix Martí Valverde},
  title = {OpenFOAM ToolChain for Rocket Aerodynamic Analysis},
  year = {2023},
  publisher = {GitHub},
  journal = {GitHub repository},
  howpublished = {\url{https://github.com/WyllDuck/OpenFOAM-ToolChain-for-Rocket-Aerodynamic-Analysis}},
  commit = {c421e8e255d43b53f92f2b5c3f33683d074e3508}
}
@misc{Valverde2023b,
  author = {Felix Martí Valverde},
  title = {OpenFOAM ToolChain helperFunctions},
  year = {2023},
  publisher = {GitHub},
  journal = {GitHub repository},
  howpublished = {\url{https://github.com/WyllDuck/OpenFOAM-ToolChain-helperFunctions}},
  commit = {30bf81273756a84d419085d8e594a9b08d46e7dd}
}
@article{niskanen2013openrocket,
  title={OpenRocket technical documentation},
  author={Niskanen, Sampo},
  journal={Development of an Open Source model rocket simulation software},
  pages={11--13},
  year={2013}
}
@article{catalano2007cfd,
  title={CFD contribution to the aerodynamic data set of the Vega launcher},
  author={Catalano, P and Marini, M and Nicoli, A and Pizzicaroli, A},
  journal={Journal of Spacecraft and Rockets},
  volume={44},
  number={1},
  pages={42--51},
  year={2007}
}
@inproceedings{roncioni2019aerodatabase,
  title={Aerodatabase of vega-c launcher development and integration},
  author={Roncioni, Pietro and Vitagliano, Pier Luigi and De Gregorio, Fabrizio and Paglia, Fabio and Milana, Claudio},
  booktitle={Proceedings of 8th European Conference for Aeronautics and Space Sciences},
  year={2019}
}
@article{roncioni2023aerodynamic,
  title={Aerodynamic Appraisal of the VEGA-C Launcher},
  author={Roncioni, Pietro and Luigi Vitagliano, Pier and De Gregorio, Fabrizio and Pezzella, Giuseppe and Romano, Luca and Paglia, Fabio},
  journal={Journal of Spacecraft and Rockets},
  volume={60},
  number={5},
  pages={1422--1436},
  year={2023},
  publisher={American Institute of Aeronautics and Astronautics}
}
@inproceedings{roncioni2017preliminary,
  title={Preliminary Numerical Aerodatabase of VEGA C Launcher},
  author={Roncioni, Pietro and Vitagliano, Pier Luigi and Paglia, Fabio and Schiariti, Daniele and Milana, Claudio},
  booktitle={7th European Conference for Aerospace Sciences, Milan, Italy},
  pages={549},
  year={2017}
}
@article{pezzella2014aerodynamic,
  title={Aerodynamic database development of the ESA intermediate experimental vehicle},
  author={Pezzella, Giuseppe and Marino, Giuliano and Rufolo, Giuseppe C},
  journal={Acta Astronautica},
  volume={94},
  number={1},
  pages={57--72},
  year={2014},
  publisher={Elsevier}
}
@article{vitaglianoaerodynamic,
  title={AERODYNAMIC CHARACTERISATION OF VEGA-C LAUNCHER},
  author={Vitagliano, PL and De Gregorio, F and Roncioni, P and Paglia, F and Milana, C}
}
@article{roncioni2024aerodatabase,
  title={Aerodatabase Development and Integration and Mission Analysis of a Mach 2 Supersonic Civil Aircraft},
  author={Roncioni, Pietro and Marini, Marco and Gori, Oscar and Fusaro, Roberta and Viola, Nicole},
  journal={Aerospace},
  volume={11},
  number={2},
  pages={111},
  year={2024},
  publisher={MDPI}
}
@article{nicoli2005wind,
  title={WIND TUNNEL TESTS AND GROUND-TO-FLIGHT EXTRAPOLATION OF THE VEGA LAUNCHER AERODYNAMICS},
  author={NICOLI, A and IMPERATORE, B and FAUCI, R and MARINI, M and CATALANO, P and PIZZICAROLI, A and VECCHIONE, L and DE MATTEIS, P and MAZUY, M KIVEL and BARBAGALLO, D and others},
  year={2005}
}
@article{roncioniaerodatabase,
  title={AERODATABASE DEVELOPMENT AND INTEGRATION OF SUPERSONIC/HYPERSONIC CRUISER VEHICLES IN MORE\&LESS PROJECT},
  author={Roncioni, P and Marini, M and Fusaro, R and Viola, N}
}
@inproceedings{blake2005cambered,
  title={A cambered body method for missile DATCOM},
  author={Blake, William and Karni, Etan},
  booktitle={23rd AIAA Applied Aerodynamics Conference},
  pages={4971},
  year={2005}
}
@article{rosema2014missile,
  title={Missile data compendium (DATCOM) user manual 2014 revision},
  author={Rosema, C and Doyle, J and Blake, William B},
  journal={US Army Aviation and Missile Research, Development, and Engineering Center, Redstone, Arsenal, ABD},
  year={2014}
}
@phdthesis{teo2008aerodynamic,
  title={Aerodynamic predictions, comparisons, and validations using Missilelab and Missile Datcom (97)},
  author={Teo, Hoon Hong},
  year={2008},
  school={Monterey, California. Naval Postgraduate School}
}
@inproceedings{brauckmann2011rocket,
  title={Rocket Plume Scaling for Orion Wind Tunnel Testing},
  author={Brauckmann, Greg and Greathouse, James and White, Molly},
  booktitle={29th AIAA Applied Aerodynamics Conference},
  pages={3341},
  year={2011}
}
@techreport{compton1975effects,
  title={Effects of jet exhaust gas properties on exhaust simulation and afterbody drag},
  author={Compton III, William B},
  year={1975}
}
@book{pindzola1963jet,
  title={Jet simulation in ground test facilities},
  author={Pindzola, M},
  number={79-80},
  year={1963},
  publisher={North Atlantic Treaty Organization, Advisory Group for Aeronautical Research~…}
}
@article{mehta2016skylon,
  title={Skylon aerospace plane and its aerodynamics and plumes},
  author={Mehta, Unmeel and Aftosmis, Michael and Bowles, Jeffrey and Pandya, Shishir},
  journal={Journal of Spacecraft and Rockets},
  volume={53},
  number={2},
  pages={340--353},
  year={2016},
  publisher={American Institute of Aeronautics and Astronautics}
}
@article{forbes2020trajectory,
  title={Trajectory Optimisation of a Partially-Reusable Rocket-Scramjet-Rocket Small Satellite Launch System},
  author={Forbes-Spyratos, Sholto Orion},
  year={2020}
}
@article{abbass2025aerodynamic,
  title={AERODYNAMIC MODELING OF ROCKETS WITH RASAERO II},
  author={Abbass, Amr},
  year={2025}
}
@article{barokah2024comparative,
  title={A Comparative Analysis of Aerodynamic Performance: Straight Fin and Curved Fin Rockets using Computational Fluid Dynamics (CFD)},
  author={Barokah, Arief Dwi Nur and Lenggana, Bhre Wangsa and Wibawa, Lasinta Ari Nendra and Turnip, Arjon and Joelianto, Endra and Le Hoa, Nguyen and others},
  journal={Journal of Advanced Research in Fluid Mechanics and Thermal Sciences},
  volume={115},
  number={1},
  pages={1--18},
  year={2024}
}
@inproceedings{menter1993zonal,
  title={Zonal two equation kw turbulence models for aerodynamic flows},
  author={Menter, Florianr},
  booktitle={23rd fluid dynamics, plasmadynamics, and lasers conference},
  pages={2906},
  year={1993}
}
@article{handbook1990design,
  title={Design of aerodynamically stabilized free rockets},
  author={Handbook, Military},
  journal={US Army Missile Command},
  year={1990}
}
@article{brazzel1970estimated,
  title={Estimated power-on base drag for a rocket-assisted projectile},
  author={Brazzel, Charles E},
  journal={US Army Missile command No. RD-TM-70-7},
  year={1970}
}